% This file was created with JabRef 2.10.
% Encoding: UTF-8


@Book{billingsley2008probability,
  Title                    = {Probability and measure},
  Author                   = {Billingsley, Patrick},
  Publisher                = {John Wiley \& Sons},
  Year                     = {2008},

  Owner                    = {nick},
  Timestamp                = {2017.05.15}
}

@Book{jackson1999classical,
  Title                    = {Classical electrodynamics},
  Author                   = {Jackson, John David},
  Publisher                = {Wiley},
  Year                     = {1999},

  Owner                    = {nick},
  Timestamp                = {2017.05.15}
}

